@article{huang2006government,
  title={E-government practices at local levels: an analysis of US countiesâ€™ websites},
  author={Huang, Zhenyu},
  journal={Issues in Information Systems},
  volume={7},
  number={2},
  pages={165--170},
  year={2006},
  publisher={Springer}
}

@article{barnes2000webqual,
  title={WebQual: an exploration of website quality},
  author={Barnes, Stuart and Vidgen, Richard},
  journal={ECIS 2000 Proceedings},
  pages={74},
  year={2000}
}

@misc{monaghan2003system,
  title={System and method for providing website business solutions to clients via the internet},
  author={Monaghan, Daniel},
  year={2003},
  month=feb # "~6",
  publisher={Google Patents},
  note={US Patent App. 10/194,282}
}

@article{cassidy2011website,
  title={Website benchmarking: evaluating scaled and dichotomous approaches},
  author={Cassidy, Leonie and Hamilton, John},
  year={2011},
  publisher={Thammasat University}
}

@article{booth2009review,
  title={A review of methodologies for analyzing websites},
  author={Booth, Danielle and Jansen, Bernard J},
  journal={IGI Global},
  pages={141--62},
  year={2009}
}
