@article{li2018deep,
  title={Deep Fisher Discriminant Learning for Mobile Hand Gesture Recognition},
  author={Li, Ce and Xie, Chunyu and Zhang, Baochang and Chen, Chen and Han, Jungong},
  journal={Pattern Recognition},
  year={2018},
  publisher={Elsevier}
}

@article{galdi2018exploring,
  title={Exploring New Authentication Protocols for Sensitive Data Protection on Smartphones},
  author={Galdi, Chiara and Nappi, Michele and Dugelay, Jean-Luc and Yu, Yong},
  journal={IEEE Communications Magazine},
  volume={56},
  number={1},
  pages={136--142},
  year={2018},
  publisher={IEEE}
}

@article{gadaleta2018idnet,
  title={IDNet: Smartphone-based gait recognition with convolutional neural networks},
  author={Gadaleta, Matteo and Rossi, Michele},
  journal={Pattern Recognition},
  volume={74},
  pages={25--37},
  year={2018},
  publisher={Elsevier}
}

@article{saeed2018smart,
  title={“Smart Diagnosis” of Parasitic Diseases by Use of Smartphones},
  author={Saeed, Muhammad A and Jabbar, Abdul},
  journal={Journal of clinical microbiology},
  volume={56},
  number={1},
  pages={e01469--17},
  year={2018},
  publisher={Am Soc Microbiol}
}
